@Article{Kim2020,
  author    = {Youngjun Kim and Sangyoon Lee and Jeong-Gyu Song and Kyung Yong Ko and Whang Je Woo and Suk Woo Lee and Minwoo Park and Hoonkyung Lee and Zonghoon Lee and Hyunyong Choi and Woo-Hee Kim and Jusang Park and Hyungjun Kim},
  title     = {2D Transition Metal Dichalcogenide Heterostructures for p- and n-Type Photovoltaic Self-Powered Gas Sensor},
  year      = {2020},
  month     = {sep},
  number    = {43},
  pages     = {2003360},
  volume    = {30},
  comment   = {Main paper},
  doi       = {10.1002/adfm.202003360},
  file      = {:Kim2020 - 2D Transition Metal Dichalcogenide Heterostructures for P and N Type Photovoltaic Self Powered Gas Sensor.pdf:PDF},
  groups    = {TMDs},
  priority  = {prio1},
  publisher = {Wiley},
}

@Article{Tsujita2005,
  author    = {Wataru Tsujita and Akihito Yoshino and Hiroshi Ishida and Toyosaka Moriizumi},
  journal   = {Sensors and Actuators B: Chemical},
  title     = {Gas sensor network for air-pollution monitoring},
  year      = {2005},
  month     = {oct},
  number    = {2},
  pages     = {304--311},
  volume    = {110},
  doi       = {10.1016/j.snb.2005.02.008},
  file      = {:Tsujita2005 - Gas Sensor Network for Air Pollution Monitoring.pdf:PDF},
  groups    = {Applications},
  publisher = {Elsevier {BV}},
}

@Article{Ryabtsev1999,
  author    = {S.V Ryabtsev and A.V Shaposhnick and A.N Lukin and E.P Domashevskaya},
  journal   = {Sensors and Actuators B: Chemical},
  title     = {Application of semiconductor gas sensors for medical diagnostics},
  year      = {1999},
  month     = {oct},
  number    = {1},
  pages     = {26--29},
  volume    = {59},
  doi       = {10.1016/s0925-4005(99)00162-8},
  file      = {:Ryabtsev1999 - Application of Semiconductor Gas Sensors for Medical Diagnostics.pdf:PDF},
  groups    = {Applications},
  publisher = {Elsevier {BV}},
}

@Comment{jabref-meta: databaseType:bibtex;}

@Comment{jabref-meta: grouping:
0 AllEntriesGroup:;
1 StaticGroup:Applications\;0\;0\;0x008080ff\;\;\;;
1 StaticGroup:Physics\;0\;1\;0x00ffffff\;\;\;;
1 StaticGroup:TMDs\;0\;1\;0x0000ffff\;\;\;;
}
